2024-03-04 * "DoorDash" "Buy dinner"
  import-id: "id0"
  other: USD
  Assets:Cash                                               -8 USD
  Expenses:Food                                              8 USD

; comment3
; comment4
2024-03-05 * "DoorDash" "Buy dinner"
  import-id: "id1"
  Assets:Cash                                            -15.0 USD
  Expenses:Food                                           15.0 USD

2024-03-06 * "Lyft" "Travel"
  import-id: "id2"
  Assets:Cash                                           -100.0 USD
  Expenses:Travel                                        100.0 USD

; comment1
2024-03-06 * "Lyft" "Travel2"
  Assets:Cash                                           -110.0 USD
  Expenses:Travel                                        110.0 USD

; comment0
2024-03-07 * "Lyft" "Travel3"
  import-id: "id3"
  Assets:Cash                                            -99.0 USD
  Expenses:Travel                                         99.0 USD
