1970-01-01 open Assets:Cash
1970-01-01 open Expenses:Food
1970-01-01 open Expenses:Travel

2024-03-04 * "DoorDash" "Buy dinner"
  import-id: "id0"
  other: USD
  Assets:Cash                                               -8 USD
  Expenses:Food                                              8 USD

; comment3
; comment4
2024-03-05 ! "Uber Eats" "Buy lunch"
  import-id: "id1"
  Assets:Cash                                           111.45 USD
  Expenses:Food                                        -111.45 USD

2024-03-06 * "Lyft" "Travel"
  import-id: "id2"
  Assets:Cash                                           -100.0 USD
  Expenses:Travel                                        100.0 USD

; comment1
2024-03-06 * "Lyft" "Travel2"
  Assets:Cash                                           -110.0 USD
  Expenses:Travel                                        110.0 USD

2024-05-05 * "MOCK_DESC"
  import-id: "id99"
  import-src: "import-data/mock.csv"
  Assets:Cash                                           123.45 USD
  Expenses:Food                                        -123.45 USD
